@article{sibi2014,
 author = {Govindan, M.S.S. and Robatmili, Behnam and Li, Dong and Maher, Bertrand and Smith, Aaron and Keckler, Stephen W. and Burger, Doug},
 title = {Scaling Power and Performance via Processor Composability},
 journal = {IEEE Transactions on Computers},
 issue_date = {July 2014},
 volume = {63},
 number = {8},
 month = july,
 year = {2014},
 pages = {2025--2038},
 publisher = {IEEE},
 keywords = {tflex, core fusion, edge}
} 

@INPROCEEDINGS{smith2006compilingedge, 
author={Smith, A. and Burrill, J. and Gibson, J. and Maher, B. and Nethercote, N. and Yoder, B. and Burger, D. and McKinley, K.}, 
booktitle={CGO 2006.}, 
title={Compiling for EDGE architectures}, 
year={2006}, 
month={March}, 
pages={11 pp.-}, 
keywords={data flow graphs;instruction sets;parallel architectures;program compilers;Alpha 21264;EEMBC;SPEC2000;TRIPS EDGE architecture;TRIPS compiler;compiler algorithm;explicit data graph execution architectures;high instruction-level parallelism;microarchitecture;microbenchmark;program compiler;Computer architecture;Concurrent computing;Delay;Energy efficiency;Hardware;Microarchitecture;Pipeline processing;Program processors;Reduced instruction set computing;VLIW}}

@article{gebhart2009evaluationtrips,
 author = {Gebhart, Mark and Maher, Bertrand A. and Coons, Katherine E. and Diamond, Jeff and Gratz, Paul and Marino, Mario and Ranganathan, Nitya and Robatmili, Behnam and Smith, Aaron and Burrill, James and Keckler, Stephen W. and Burger, Doug and McKinley, Kathryn S.},
 title = {An Evaluation of the TRIPS Computer System},
 journal = {SIGPLAN Not.},
 issue_date = {March 2009},
 volume = {44},
 number = {3},
 month = mar,
 year = {2009},
 pages = {1--12},
 numpages = {12},
 acmid = {1508246},
 publisher = {ACM},
 address = {New York, NY, USA},
 keywords = {trips}
} 

@article{putnam2010dynamicvece2,
 author = {Putnam, Andrew and Smith, Aaron and Burger, Doug},
 title = {Dynamic Vectorization in the E2 Dynamic Multicore Architecture},
 journal = {SIGARCH Comput. Archit. News},
 issue_date = {September 2010},
 volume = {38},
 number = {4},
 month = jan,
 year = {2011},
 pages = {27--32},
 numpages = {6},
 acmid = {1926373},
 publisher = {ACM},
 address = {New York, NY, USA},
 keywords = {explicit data graph execution (EDGE)}
} 

@article{ipek2007corefusion,
 author = {Ipek, Engin and Kirman, Meyrem and Kirman, Nevin and Martinez, Jose F.},
 title = {Core Fusion: Accommodating Software Diversity in Chip Multiprocessors},
 journal = {SIGARCH Comput. Archit. News},
 issue_date = {May 2007},
 volume = {35},
 number = {2},
 month = jun,
 year = {2007},
 pages = {186--197},
 numpages = {12},
 acmid = {1250686},
 publisher = {ACM},
 address = {New York, NY, USA},
 keywords = {chip multiprocessors, reconfigurable architectures, software diversity}
} 

@article{zhou2014sharingarch,
 author = {Zhou, Yanqi and Wentzlaff, David},
 title = {The Sharing Architecture: Sub-core Configurability for IaaS Clouds},
 journal = {SIGPLAN Not.},
 issue_date = {April 2014},
 volume = {49},
 number = {4},
 month = feb,
 year = {2014},
 pages = {559--574},
 numpages = {16},
 acmid = {2541950},
 publisher = {ACM},
 address = {New York, NY, USA},
 keywords = {cache, cache banks, infrastructure as a service (iaas), market efficiency, slice, utility, virtual core (vcore), virtual machine (vm)}
} 

@INPROCEEDINGS{nagarajan2004parallelarch, 
author={Nagarajan, R. and Kushwaha, S.K. and Burger, D. and McKinley, K. and Lin, C. and Keckler, S.W.}, 
booktitle={PACT 2004.}, 
title={Static placement, dynamic issue (SPDI) scheduling for EDGE architectures}, 
year={2004}, 
month={Sept}, 
pages={74-84}, 
keywords={instruction sets;parallel architectures;parallel programming;performance evaluation;processor scheduling;program compilers;EDGE architecture;data graph execution architecture;instruction schedulers;instructions-per-cycle;on-chip latency;processor architectures;static placement dynamic issue scheduling;Computer architecture;Delay;Dynamic scheduling;Hardware;Laboratories;Out of order;Processor scheduling;Scheduling algorithm;VLIW;Wire}} 

@article{watanabe2010widget,
 author = {Watanabe, Yasuko and Davis, John D. and Wood, David A.},
 title = {WiDGET: Wisconsin Decoupled Grid Execution Tiles},
 journal = {SIGARCH Comput. Archit. News},
 issue_date = {June 2010},
 volume = {38},
 number = {3},
 month = jun,
 year = {2010},
 pages = {2--13},
 numpages = {12},
 acmid = {1815965},
 publisher = {ACM},
 address = {New York, NY, USA},
 keywords = {hardware, instruction steering, performance, power efficiency, power proportional computing}
} 

@inproceedings{theis2002streamit,
	 author = {Thies, William and Karczmarek, Michal and Amarasinghe, Saman P.},
	  title = {StreamIt: A Language for Streaming Applications},
	   booktitle = {CC},
	     year = {2002},
	       pages = {179--196},
	        numpages = {18},
		  acmid = {727935},
		   publisher = {Springer-Verlag},
		    address = {London, UK, UK}
} 

@article{theis2002languagegrid,
 author = {Thies, William and Karczmarek, Michal and Gordon, Michael and Maze, David and Wong, Jeremy and Hoffmann, Henry and Brown, Matthew and Amarasinghe, Saman},
 title = {A Common Machine Language for Grid-based Architectures},
 journal = {SIGARCH Comput. Archit. News},
 issue_date = {June 2002},
 volume = {30},
 number = {3},
 month = jun,
 year = {2002},
 pages = {13--14},
 numpages = {2},
 acmid = {571673},
 publisher = {ACM},
 address = {New York, NY, USA}
} 

@article{wang2013partitionstreamit,
 author = {Wang, Zheng and O'boyle, Michael F. P.},
 title = {Using Machine Learning to Partition Streaming Programs},
 journal = {ACM Trans. Archit. Code Optim.},
 issue_date = {September 2013},
 volume = {10},
 number = {3},
 month = sep,
 year = {2008},
 pages = {20:1--20:25},
 articleno = {20},
 numpages = {25},
 acmid = {2512436},
 publisher = {ACM},
 address = {New York, NY, USA},
 keywords = {Compiler optimization, machine learning, multicore, partitioning streaming parallelism}
} 


@inproceedings{theis2010empericalcharstreamit,
	 author = {Thies, William and Amarasinghe, Saman},
	  title = {An Empirical Characterization of Stream Programs and Its Implications for Language and Compiler Design},
	   booktitle = {PACT '10},
	     year = {2010},
	       location = {Vienna, Austria},
	        pages = {365--376},
		 numpages = {12},
		    acmid = {1854319},
		     publisher = {ACM},
		      address = {New York, NY, USA},
		       keywords = {benchmark suite, stream programming, streamit, synchronous dataflow, workload characterization}
}


@article{newton2008compilerembedded,
	 author = {Newton, Ryan R. and Girod, Lewis D. and Craig, Michael B. and Madden, Samuel R. and Morrisett, John Gregory},
	  title = {Design and Evaluation of a Compiler for Embedded Stream Programs},
	   journal = {SIGPLAN Not.},
	    issue_date = {July 2008},
	     volume = {43},
	      number = {7},
	       month = jun,
	        year = {2008},
		  pages = {131--140},
		   numpages = {10},
		      acmid = {1375675},
		       publisher = {ACM},
		        address = {New York, NY, USA},
			 keywords = {sensor networks, stream processing language}
} 

@online{rknn,
author={R},
title={R: K-Nearest Neighbor},
}

@misc{ecdf,
title={Edinburgh Compute and Data Facility Web Site},
author={University of Edinburgh},
year={1 August 2007, accessed 4th of April. 2016},
note={\url{www.ecdf.ed.ac.uk}}
}

@article{mark2008amdahl,
author = {Mark D. Hill and Michael R. Marty},
title = {Amdahl's Law in the Multicore Era},
journal ={Computer},
volume = {41},
number = {7},
year = {2008},
pages = {33-38},
publisher = {IEEE Computer Society},
address = {Los Alamitos, CA, USA}
}

@article{suleman2009asymmetric,
 author = {Suleman, M. Aater and Mutlu, Onur and Qureshi, Moinuddin K. and Patt, Yale N.},
 title = {Accelerating Critical Section Execution with Asymmetric Multi-core Architectures},
 journal = {SIGPLAN Not.},
 issue_date = {March 2009},
 volume = {44},
 number = {3},
 month = mar,
 year = {2009},
 pages = {253--264},
 numpages = {12},
 acmid = {1508274},
 publisher = {ACM},
 address = {New York, NY, USA},
 keywords = {cmp, critical sections, heterogeneous cores, locks, multi-core, parallel programming}
} 

@article{nagatsuka2011coresymphony,
 author = {Nagatsuka, Tomoyuki and Sakaguchi, Yoshito and Matsumura, Takayuki and Kise, Kenji},
 title = {CoreSymphony: An Efficient Reconfigurable Multi-core Architecture},
 journal = {SIGARCH Comput. Archit. News},
 issue_date = {September 2011},
 volume = {39},
 number = {4},
 month = dec,
 year = {2011},
 pages = {32--37},
 numpages = {6},
 acmid = {2082165},
 publisher = {ACM},
 address = {New York, NY, USA},
 keywords = {multi-core architecture, phase variety of application, reconfigurable architecture}
}

@ARTICLE{waingold1997raw, 
author={Waingold, E. and Taylor, M. and Srikrishna, D. and Sarkar, V. and Lee, W. and Lee, V. and Kim, J. and Frank, M. and Finch, P. and Barua, R. and Babb, J. and Amarasinghe, S. and Agarwal, A.}, 
journal={Computer}, 
title={Baring it all to software: Raw machines}, 
year={1997}, 
volume={30}, 
number={9}, 
pages={86-93}, 
keywords={parallel architectures;reconfigurable architectures;Raw processors;compiler;configurable logic;intertile communication;parallel architectures;Application software;Computer architecture;Computer science;Hardware;Laboratories;Logic;Microprocessors;Registers;Switches;Tiles}, 
month={Sep}}

@inproceedings{kim2007composableproc,
 author = {Kim, Changkyu and Sethumadhavan, Simha and Govindan, M. S. and Ranganathan, Nitya and Gulati, Divya and Burger, Doug and Keckler, Stephen W.},
 title = {Composable Lightweight Processors},
 booktitle = {MICRO '07},
 year = {2007},
 pages = {381--394},
 numpages = {14},
 acmid = {1331733},
 publisher = {IEEE Computer Society},
 address = {Washington, DC, USA}
} 

@INPROCEEDINGS{auerbach2012lime, 
author={Auerbach, J. and Bacon, D.F. and Burcea, I. and Cheng, P. and Fink, S.J. and Rabbah, R. and Shukla, S.}, 
booktitle={DAC, 2012}, 
title={A compiler and runtime for heterogeneous computing}, 
year={2012}, 
pages={271-276}, 
keywords={field programmable gate arrays;graphics processing units;program compilers;programming languages;CPU;FPGA enabled architectures;GPU;Lime applications;Liquid Metal approach;co-execution;comprehensive compiler;computational elements;graphics processors;heterogeneous computing platforms;heterogeneous systems;program execution orchestration;programming language;reconfigurable hardware;runtime system;Arrays;Field programmable gate arrays;Graphics processing unit;Liquids;Metals;Runtime;FPGA;GPU;Heterogeneous;Java;Streaming}, 
month={June}}

@inproceedings{buck2004brook,
 author = {Buck, Ian and Foley, Tim and Horn, Daniel and Sugerman, Jeremy and Fatahalian, Kayvon and Houston, Mike and Hanrahan, Pat},
 title = {Brook for GPUs: Stream Computing on Graphics Hardware},
 booktitle = {ACM SIGGRAPH 2004},
 year = {2004},
 location = {Los Angeles, California},
 pages = {777--786},
 numpages = {10},
 acmid = {1015800},
 publisher = {ACM},
 address = {New York, NY, USA},
 keywords = {Data Parallel Computing, GPU Computing, Brook, Programmable Graphics Hardware, Stream Computing}
} 

@inproceedings{chen2005rawstream,
 author = {Chen, Jiawen and Gordon, Michael I. and Thies, William and Zwicker, Matthias and Pulli, Kari and Durand, Fr{\'e}do},
 title = {A Reconfigurable Architecture for Load-balanced Rendering},
 booktitle = {HWWS '05},
 year = {2005},
 location = {Los Angeles, California},
 pages = {71--80},
 numpages = {10},
 acmid = {1071878},
 publisher = {ACM},
 address = {New York, NY, USA}
} 

@article{gordon2006coarsegrainstream,
 author = {Gordon, Michael I. and Thies, William and Amarasinghe, Saman},
 title = {Exploiting Coarse-grained Task, Data, and Pipeline Parallelism in Stream Programs},
 journal = {SIGARCH Comput. Archit. News},
 issue_date = {December 2006},
 volume = {34},
 number = {5},
 month = oct,
 year = {2006},
 pages = {151--162},
 numpages = {12},
 acmid = {1168877},
 publisher = {ACM},
 address = {New York, NY, USA},
 keywords = {Raw, StreamIt, coarse-grained dataflow, multicore, software pipelining, streams}
} 

@inproceedings{newton2008wavescript,
 author = {Newton, Ryan R. and Girod, Lewis D. and Craig, Michael B. and Madden, Samuel R. and Morrisett, John Gregory},
 title = {Design and Evaluation of a Compiler for Embedded Stream Programs},
 booktitle = {LCTES '08},
 year = {2008},
 location = {Tucson, AZ, USA},
 pages = {131--140},
 numpages = {10},
 acmid = {1375675},
 publisher = {ACM},
 address = {New York, NY, USA},
 keywords = {sensor networks, stream processing language}
} 

@article{kudlur2008orchestratingstreamprog,
 author = {Kudlur, Manjunath and Mahlke, Scott},
 title = {Orchestrating the Execution of Stream Programs on Multicore Platforms},
 journal = {SIGPLAN Not.},
 issue_date = {June 2008},
 volume = {43},
 number = {6},
 month = jun,
 year = {2008},
 pages = {114--124},
 numpages = {11},
 acmid = {1375596},
 publisher = {ACM},
 address = {New York, NY, USA},
 keywords = {cell processor, multicore, software pipelining, stream programming, streamit}
}

@inproceedings{hagiescu2009fpgafolding,
 author = {Hagiescu, Andrei and Wong, Weng-Fai and Bacon, David F. and Rabbah, Rodric},
 title = {A Computing Origami: Folding Streams in FPGAs},
 booktitle = {DAC '09},
 year = {2009},
 location = {San Francisco, California},
 pages = {282--287},
 numpages = {6},
 acmid = {1629987},
 publisher = {ACM},
 address = {New York, NY, USA},
 keywords = {FPGA, latency, streaming, throughput}
} 
@inproceedings{carpenter2009streammap,
 author = {Carpenter, Paul M. and Ramirez, Alex and Ayguade, Eduard},
 title = {Mapping Stream Programs Onto Heterogeneous Multiprocessor Systems},
 booktitle = {CASES '09},
 year = {2009},
 location = {Grenoble, France},
 pages = {57--66},
 numpages = {10},
 acmid = {1629406},
 publisher = {ACM},
 address = {New York, NY, USA},
 keywords = {convexity, multicore, partitioning, stream programming}
} 

@INPROCEEDINGS{bell2008tile, 
author={Bell, S. and Edwards, B. and Amann, J. and Conlin, R. and Joyce, K. and Leung, V. and MacKay, J. and Reif, M. and Liewei Bao and Brown, J. and Mattina, M. and Chyi-Chang Miao and Ramey, C. and Wentzlaff, D. and Anderson, W. and Berger, E. and Fairbanks, N. and Khan, D. and Montenegro, F. and Stickney, J. and Zook, J.}, 
booktitle={ISSCC 2008. IEEE International}, 
title={TILE64 - Processor: A 64-Core SoC with Mesh Interconnect}, 
year={2008}, 
pages={88-598}, 
keywords={general purpose computers;microprocessor chips;system-on-chip;2D mesh network;SMP Linux;general-purpose processor;mesh interconnect;system-on-chip;Bandwidth;Communication system control;Engines;Microprocessors;Read-write memory;Registers;Silicon;Tail;Telecommunication traffic;Tiles},
month={Feb}}

@inproceedings{kim2007composablelight,
 author = {Kim, Changkyu and Sethumadhavan, Simha and Govindan, M. S. and Ranganathan, Nitya and Gulati, Divya and Burger, Doug and Keckler, Stephen W.},
 title = {Composable Lightweight Processors},
 booktitle = {MICRO '07},
 year = {2007},
 pages = {381--394},
 numpages = {14},
 acmid = {1331733},
 publisher = {IEEE Computer Society},
 address = {Washington, DC, USA}
} 

@article{gulati2008multitaskingdmc,
 author = {Gulati, Divya P. and Kim, Changkyu and Sethumadhavan, Simha and Keckler, Stephen W. and Burger, Doug},
 title = {Multitasking Workload Scheduling on Flexible Core Chip Multiprocessors},
 journal = {SIGARCH Comput. Archit. News},
 issue_date = {May 2008},
 volume = {36},
 number = {2},
 month = may,
 year = {2008},
 pages = {46--55},
 numpages = {10},
 acmid = {1399981},
 publisher = {ACM},
 address = {New York, NY, USA}
} 

@article{wells2009needfordmc,
 author = {Wells, Philip M. and Chakraborty, Koushik and Sohi, Gurindar S.},
 title = {Dynamic Heterogeneity and the Need for Multicore Virtualization},
 journal = {SIGOPS Oper. Syst. Rev.},
 issue_date = {April 2009},
 volume = {43},
 number = {2},
 month = apr,
 year = {2009},
 pages = {5--14},
 numpages = {10},
 acmid = {1531797},
 publisher = {ACM},
 address = {New York, NY, USA}
} 

@inproceedings{santos2013nocdmc,
  author    = "P.C. Santos and G.L. Nazar and F. Anjam and S. Wong and D. Matos and L. Carro",
  title     = "A Fully Dynamic Reconfigurable NoC-based MPSoC: The Advantages of Total Reconfiguration",
  booktitle = "HiPEAC '13",
  address   = "Berlin, Germany",
  month     = "January",
  year      = "2013",
  pages     = ""
}

@article{eyerman2010amdahl,
 author = {Eyerman, Stijn and Eeckhout, Lieven},
 title = {Modeling Critical Sections in Amdahl's Law and Its Implications for Multicore Design},
 journal = {SIGARCH Comput. Archit. News},
 issue_date = {June 2010},
 volume = {38},
 number = {3},
 month = jun,
 year = {2010},
 pages = {362--370},
 numpages = {9},
 doi = {10.1145/1816038.1816011},
 acmid = {1816011},
 publisher = {ACM},
 address = {New York, NY, USA},
 keywords = {Amdahl's law, analytical performance modeling, critical sections, synchronization},
} 

@ARTICLE{bower2008impactd, 
author={Bower, F.A. and Sorin, D.J. and Cox, L.P.}, 
journal={Micro, IEEE}, 
title={The Impact of Dynamically Heterogeneous Multicore Processors on Thread Scheduling}, 
year={2008}, 
volume={28}, 
number={3}, 
pages={17-25}, 
keywords={microprocessor chips;multi-threading;operating systems (computers);power aware computing;processor scheduling;chip multiprocessors;dynamically heterogeneous multicore processors;microarchitecture;operating system schedulers;power-efficiency;thread scheduling;Dynamic scheduling;Energy management;Job shop scheduling;Moore's Law;Multicore processing;Operating systems;Parallel processing;Processor scheduling;Runtime;Yarn;heterogeneous;multicore;operating system;power-efficiency;scheduling}, 
doi={10.1109/MM.2008.46}, 
ISSN={0272-1732}, 
month={May},}

@phdthesis{vuduc2003AutomaticPerf,
 author = {Vuduc, Richard Wilson},
 title = {Automatic Performance Tuning of Sparse Matrix Kernels},
 year = {2003},
 note = {AAI3121741},
 publisher = {University of California, Berkeley},
} 

@article{gordon2002streamcomp,
 author = {Gordon, Michael I. and Thies, William and Karczmarek, Michal and Lin, Jasper and Meli, Ali S. and Lamb, Andrew A. and Leger, Chris and Wong, Jeremy and Hoffmann, Henry and Maze, David and Amarasinghe, Saman},
 title = {A Stream Compiler for Communication-exposed Architectures},
 journal = {SIGARCH Comput. Archit. News},
 issue_date = {December 2002},
 volume = {30},
 number = {5},
 month = oct,
 year = {2002},
 issn = {0163-5964},
 pages = {291--303},
 numpages = {13},
 doi = {10.1145/635506.605428},
 acmid = {605428},
 publisher = {ACM},
 address = {New York, NY, USA},
} 

@inproceedings{farhad2012streamilp,
 author = {Farhad, S. M. and Ko, Yousun and Burgstaller, Bernd and Scholz, Bernhard},
 title = {Profile-guided Deployment of Stream Programs on Multicores},
 series = {LCTES '12},
 year = {2012},
 pages = {79--88},
 numpages = {10},
 doi = {10.1145/2248418.2248430},
 acmid = {2248430},
 publisher = {ACM},
 address = {New York, NY, USA},
 keywords = {multicore, optimization, profiling, stream programming, streamit},
} 